<?xml version="1.0" encoding="UTF-8"?><record xmlns="http://www.loc.gov/MARC21/slim" xmlns:cinclude="http://apache.org/cocoon/include/1.0" xmlns:zs="http://www.loc.gov/zing/srw/">
  <leader>00505cz  a2200121n  4500</leader>
  <controlfield tag="001">n  89654893 </controlfield>
  <controlfield tag="003">DLC</controlfield>
  <controlfield tag="005">19891023132952.6</controlfield>
  <controlfield tag="008">891002n| acannaab|          |n aaa |||  </controlfield>
  <datafield tag="010" ind1=" " ind2=" ">
    <subfield code="a">n  89654893 </subfield>
  </datafield>
  <datafield tag="040" ind1=" " ind2=" ">
    <subfield code="a">DLC</subfield>
    <subfield code="c">DLC</subfield>
    <subfield code="d">DLC</subfield>
  </datafield>
  <datafield tag="100" ind1="1" ind2="0">
    <subfield code="a">McKay, Dave</subfield>
  </datafield>
  <datafield tag="670" ind1=" " ind2=" ">
    <subfield code="a">Canseco, J. Strength training for baseball, c1990:</subfield>
    <subfield code="b">CIP t.p. (Dave McKay) galley (b. Vancouver, B.C.; degree in physical education, Columbia Basin J.C., Pasco, Wash; member Oakland Athletics for more than ten years; first base coach for A's since 1984)</subfield>
  </datafield>
</record>